@string{PR =   "Phys. Rev."}
@string{PRL =   "Phys. Rev. Lett."}
@string{PRE =   "Phys. Rev. E"}
@string{PoP =   "Phys. Plasmas"}
@string{PoF =   "Phys. Fluids"}
@string{PFB =   "Phys. Fluids B"}
@string{NF =   "Nucl. Fusion"}
@string{PPCF =   "Plasma Phys. Controlled Fusion"}
@string{RMP =   "Rev. Mod. Phys."}
@string{CPP =   "Contrib. Plasma Phys."}
@string{CPP =   "Comp. Phys. Comm."}



@book{Jeff,
 author="{Freidberg, J.}",
 title="Plasma Physics and Fusion Energy",
 publisher="Cambridge University Press",
 address="Cambridge",
 year=2007
}

@book{Wakatani,
 author="{M. Wakatani}",
 title="Stellarator and Heliotron Devices",
 publisher="Oxford University Press",
 address="Oxford",
 year=1998
}

@book{PerBook,
 author="P Helander and D J Sigmar",
 title="Collisional Transport in Magnetized Plasmas",
 publisher="Cambridge University Press",
 address="Cambridge",
 year=2002
}

@Article{LHD,
 author="A Iiyoshi and M Fujiwara and O Motojima and N Ohyabu and K Yamazaki",
 journal =      "Fusion Tech.",
 year =         1990,
 volume =       17,
 pages =        169
}

@Article{W7X1,
 author="C D Beidler and G Grieger and F Herrnegger and W Harmeyer and J Kisslinger and W Lotz and H Maassberg and P Merkel and J {N\"{u}henberg} and F Rau and J Sapper and F Sardei and R Scardovelli and A {Schl\"{u}ter} and H Wobig",
 journal =      "Fusion Tech.",
 year =         1990,
 volume =       17,
 pages =        148
}

@Article{W7X2,
 author="G Grieger and C D Beidler and E Harmeyer and W Lotz and J Kisslinger and P Merkel and J N{\"{u}}hrenberg and F Rau and E Strumberger and H Wobig",
 journal =      "Fusion Tech.",
 year =         1992,
 volume =       21,
 pages =        1767
}

@Article{JOSE,
 author="J M {Garc\'{i}a-Rega\~{n}a} and R Kleiber and C D Beidler and Y Turkin and H Maassberg and P Helander",
 journal =      PPCF,
 year =         2013,
 volume =       55,
 pages =        074008
}

@Article{Turkin,
 author="Y Turkin and C D Beidler and H Maassberg and S Murakami and V Tribalos and A Wakasa",
 journal =      PoP,
 year =         2011,
 volume =       18,
 pages =        022505
}

@Article{Braun,
 author="S Braun and P Helander",
 journal =      PoP,
 year =         2010,
 volume =       17,
 pages =        072514
}

@Article{Galeev,
 author="A A Galeev and R Z Sagdeev and H P Furth and M N Rosenbluth",
 journal =      PRL,
 year =         1969,
 volume =       22,
 pages =        511
}

@Article{SnyderWilson,
 author="{Snyder P B and Wilson H R}",
 journal =      PPCF,
 year =         2003,
 volume =       45,
 pages =        1671
}
% title="Ideal magnetohydrodynamic constraints on the pedestal temperature in tokamaks",

@Article{NEOFP,
 author="E A Belli and J Candy",
 journal =      PPCF,
 year =         2012,
 volume =       54,
 pages =        015015
}
% title="Full linearized {F}okker-{P}lanck collisions in neoclassical transport simulations",

@Article{NEO1,
 author="{Belli E A and Candy J}",
 journal =      {AIP Conf. Prof.},
 volume = 1069,
 year =         2008,
 pages =        "15"
}
%@Article{NEO1,
% author="{Belli E A and Candy J}",
% journal =      {Theory of Fusion Plasmas, Joint Varenna-Lausanne Intl. Workshop},
% year =         2008,
% pages =        "CP1069"
%}
% title="Drift-kinetic simulations of neoclassical transport",

@Article{NEO2,
 author="{Belli E A and Candy J}",
 journal =      PPCF,
 year =         2008,
 volume =       50,
 pages =        095010
}
% title="Kinetic calculation of neoclassical transport including self-consistent electron and impurity dynamics",

@Article{NEO3,
 author="{Belli E A and Candy J}",
 journal =      PPCF,
 year =         2009,
 volume =       51,
 pages =        075018
}
% title="An {E}ulerian method for the solution of the multi-species drift-kinetic equation",

@Article{Kernbichler1,
 author="W Kernbichler and S V Kasilov and G O Leitold and V V Nemov and K Allmaier K",
 journal =      {33rd EPS Conference on Plasma Phys., Rome},
 year =         2006,
 volume =       {30I},
 pages =        {P-2.189}
}
% title="Computation of neoclassical transport in stellarators using the full linearized Coulomb collision operator",

@Article{Kernbichler2,
 author="W Kernbichler and S V Kasilov and G O Leitold and V V  Nemov  and K Allmaier",
 journal =      {Plasma Fusion Res.},
 year =         2008,
 volume =       3,
 pages =        "S1061"
}
% title="Computation of neoclassical transport in stellarators using the full linearized Coulomb collision operator",

@Article{HirshmanSigmar,
 author="{Hirshman S P and Sigmar D J}",
 journal =      PoF,
 year =         1976,
 volume =       19,
 pages =        1532
}
% title="Approximate {F}okker-{P}lanck collision operator for transport theory applications",

@Article{NCLASS,
 author="{Houlberg W A, Shaing K C, Hirshman S P and Zarnstorff M C}",
 journal =      PoP,
 year =         1997,
 volume =       4,
 pages =        3230
}
% title="Bootstrap current and neoclassical transport in tokamaks of arbitrary collisionality and aspect ratio",

@Article{DarinNotch,
 author="{Ernst D R, Bell M G, Bell R E, Bush C E, Chang Z, Fredrickson E, Grisham L R, Hill K W, Jassby D L, Mansfield D K, McCune D C, Park H K, Ramsey A T, Scott D S, Strachan J D, Synakowski E J, Taylor G, Thompson M and Weiland R M}",
 journal =      PoP,
 year =         1998,
 volume =       5,
 pages =        665
}
% title="Notched velocity profiles and the radial electric field in high ion temperature plasmas in the Tokamak Fusion Test Reactor",

@Article{GENESource,
 author="{Lapillonne X, McMillan B F, Gorler T, Brunner S, Dannert T, Jenko F, Merz F and Villard L}",
 journal =      PoP,
 year =         2010,
 volume =       17,
 pages =        112321
}
% title="Nonlinear quasisteady state benchmark of global gyrokinetic codes",

@Article{globalGENE,
 author="T Gorler and X Lapillonne and S Brunner and T Dannert and F Jenko and F Merz and D Told",
 journal =      JCP,
 year =         2011,
 volume =       230,
 pages =        7053
}
% title="Nonlinear quasisteady state benchmark of global gyrokinetic codes",

@Article{CattoTsang,
 author="{Catto P J and Tsang K T}",
 journal =      PoF,
 year =         1977,
 volume =       20,
 pages =        396
}
% title="Linearized gyro-kinetic equation with collisions",

@Article{Abel,
 author="{Abel I G, Barnes M, Cowley S C, Dorland W and Schekochihin A A}",
 journal =      PoP,
 year =         2008,
 volume =       15,
 pages =        122509
}
% title="Linearized model {F}okker-{P}lanck collision operators for gyrokinetic simulations. {I. T}heory",

@Article{Lin1,
 author="{Lin Z, Tang W M and Lee W W}",
 journal =      PoP,
 year =         1995,
 volume =       2,
 pages =        2975
}
% title="",


@Article{Lin2,
 author="{Lin Z, Tang W M and Lee W W}",
 journal =      PRL,
 year =         1997,
 volume =      78,
 pages =        456
}
% title="",


@Article{Wang1,
 author="{Wang W X, Hinton F L and Wong S K}",
 journal =      PRL,
 year =         2001,
 volume =      87,
 pages =        055002
}
% title="",


@Article{CSChang1,
 author="{Chang C S, Ku S and Weitzner H}",
 journal =      PoP,
 year =         2004,
 volume =      11,
 pages =        2649
}
% title="",


@Article{Wang2,
 author="{Wang W X, Tang W M, Hinton F L, Zakharov L E, White R B and Manickam J}",
 journal =      {Comp. Phys. Comm.},
 year =         2004,
 volume =      164,
 pages =        178
}
% title="",


@Article{CSChang2,
 author="{Chang C S and Ku S}",
 journal =      CPP,
 year =         2006,
 volume =      46,
 pages =        496
}
% title="",


@Article{Wang3,
 author="{Wang W X, Rewoldt G, Tang W M, Hinton F L, Manickam J, Zakharov L E, White R B and Kaye S}",
 journal =      PoP,
 year =         2006,
 volume =      13,
 pages =        082501
}
% title="",



@Article{Kolesnikov,
 author="{Kolesnikov R A, Wang W X, Hinton F L, Rewoldt G and Tang W M}",
 journal =      PoP,
 year =         2010,
 volume =      17,
 pages =        022506
}
% title="",

@Article{ORB5,
 author="{Vernay T, Brunner S, Villard L, McMillan B F, Jollier S, Tran T M, Bottino A and Graves J P}",
 journal =      PoP,
 year =         2010,
 volume =      17,
 pages =        122301
}
% title="Neoclassical equilibria as starting point for global gyrokinetic microturbulence simulations",


@Article{Xu1,
 author="{Xu X Q, Xiong Z, Dorr M R, Hittinger J A, Bodi K, Candy J, Cohen B I, Cohen R H, Colella P, Kerbel G D, Krasheninnikov S, Nevins W M, Qin H, Rognlien T D, Snyder P B and Umansky M V}",
 journal =      NF,
 year =         2007,
 volume =       47,
 pages =        809
}
% title="",

@Article{Xu2,
 author="{Xu X Q}",
 journal =      PRE,
 year =         2008,
 volume =       78,
 pages =        016406
}
% title="",

@Article{COGENT,
 author="{Cohen R H, Dorf M, Compton J C, Dorr M, Rognlien T D, Colella P, McCorquodale P, Angus J and Krasheninnikov S}",
 journal =      {Bull. Am. Phys. Soc},
 year =         2012,
 volume =       57,
 number = 3,
 pages =        {BAPS.2012.APR.S1.38}
}
% title="Neoclassical and Initial Divertor-Geometry Tests of COGENT",

@MISC{FelixPersonalCommunication,
  author =       "{Parra F I}",
  howpublished = {Personal communication},
}


@Article{JeffParker,
 author="{Parker J B and Catto P J}",
 journal = PPCF,
 volume = 54,
 pages = "085011",
 year=2012
}
% title="Variational Calculation of Neoclassical Ion Heat Flux in the Banana Regime for Arbitrary Magnetic Geometry",
% journal =      PoF,
% year =         1970,
% volume =       13,
% pages =        482

@Article{Rutherford,
 author="{Rutherford P H}",
 journal =      PoF,
 year =         1970,
 volume =       13,
 pages =        482
}
% title="Collisional diffusion in an axisymmetric torus",

@Article{Solomon,
 author="{Solomon W M, Burrell K H, Andre R, Baylor L R, Budny R, Gohil P, Groebner R J, Holcomb C T, Houlberg W A and Wade M R}",
 journal =      PoP,
 year =         2006,
 volume =       13,
 pages =        056116
}
% title="Experimental test of the neoclassical theory of impurity poloidal rotation in tokamaks",

@Article{NSTXFlowComparisons,
 author="{Bell R E, Andre R, Kaye S M, Kolesnikov R A, LeBlanc B P, Rewoldt G, Wang W X and Sabbagh S A}",
 journal =      PoP,
 year =         2010,
 volume =       17,
 pages =        082507
}
% title="Comparison of poloidal velocity measurements to neoclassical theory on the National Spherical Torus Experiment",

@Article{Kenny2,
 author="{Kagan G, Marr K D, Catto P J, Landreman M, Lipschultz B and McDemott R}",
 journal =      PPCF,
 year =         2011,
 volume =       53,
 pages =        025008
}
% title="The effect of the radial electric field on neoclassical flows in a tokamak pedestal",

@Article{Kenny1,
 author="{Marr K D, Lipschultz B, Catto P J, McDermott R M, Reinke M L and Simakov A N}",
 journal =      PPCF,
 year =         2010,
 volume =       52,
 pages =        055010
}
% title="Comparison of neoclassical predictions with measured flows and evaluation of a poloidal impurity density asymmetry",

@Article{OldDIIIDFlows,
 author="{Kim J, Burrell K H, Gohil P, Groebner R J, Kim Y-B, St John H E, Seraydarian R P and Wade M R}",
 journal =      PRL,
 year =         1994,
 volume =       72,
 pages =        2199
}
% title="Rotation characteristics of main ions and impurity ions in {H}-mode tokamak plasma",

@Article{JETFlows,
 author="{Crombe K, Andrew Y, Brix M, Giroud C, Hacquin S, Hawkes N C, Murari A, Nave M F F, Ongena J, Parail V, Van Oost G, Voitsekhovitch I and Zastrow K-D}",
 journal =      PRL,
 year =         2005,
 volume =       95,
 pages =        155003
}
% title="Poloidal Rotation Dynamics, Radial Electric Field, and Neoclassical Theory in the {JET} Internal-Transport-Barrier Region",



@Article{SimakovCattoSecondOrderDKE,
 author="{Simakov A N and Catto P J}",
 journal =      PoP,
 year =         2005,
 volume =       12,
 pages =        012105
}
% title="Drift kinetic equation exact through second order in gyroradius expansion",

@Article{RMJ,
 author="M N Rosenbluth and W M MacDonald and D L Judd",
 journal =      PR,
 year =         1957,
 volume =       107,
 pages =        1
}
% title="{F}okker-{P}lanck equation for an inverse-square force",

@Article{Felix,
 author="{Parra F I and Catto P J}",
 journal =      PPCF,
 year =         2008,
 volume =       50,
 pages =        065014
}
% title="Limitations of gyrokineics on transport time scales",

@Article{WongChan,
 author="S K Wong and V S Chan",
 journal =      PPCF,
 year =         2011,
 volume =       53,
 pages =        095005
}
% title="Numerical solution of neoclassical ion transport using the {F}okker-{P}lanck operator for Coulomb collisions",

@Article{ChangHinton,
 author="{Chang C S and Hinton F L}",
 journal =      PoF,
 year =         1982,
 volume =       25,
 pages =        1493
}
% title="Effect of finite aspect ratio on the neoclassical ion thermal conductivity in the banana regime",

@Article{Sauter0,
 author="O Sauter and R W Harvey and F L Hinton",
 journal =      CPP,
 year =         1994,
 volume =       34,
 pages =        169
}
% title="A 3{D} {F}okker-{P}lanck code for studying parallel transport in tokamak geometry with arbitrary collisionalities and application to neoclassical resistivity",

@Article{Sauter1,
 author="{Sauter O, Lin-Liu Y R, Hinton F L and Vaclavik J}",
 journal =      {Proceedings of the Theory of Fusion Plasmas workshop, Varenna (Editrice Compositori E. Sindoni, Bologna)},
 year =         1994,
 pages =        337
}
% title="3{D} {F}okker-{P}lanck code valid for arbitrary collisionality and adjoint function for bootstrap current calculation",

@Article{Sauter,
 author="O Sauter and C Angioni and Y R Lin-Liu",
 journal =      PoP,
 year =         1999,
 volume =       6,
 pages =        2834
}
% title="Neoclassical conductivity and bootstrap current formulas for general axisymmetric equilibria and arbitrary collisionality regime",

@Article{Lyons,
 author="{Lyons B C, Jardin S C, and Ramos J J}",
 journal =      PoP,
 year =         2012,
 volume =       19,
 pages =        {082515}
}

@Article{LyonsAPS,
 author="{Lyons B C, Jardin S C, and Ramos J J}",
 journal =      "Bull. Am. Phys. Soc",
 year =         2011,
 volume =       56,
 pages =        {JP9.146}
}
% title="Numerical calculation of the neoclassical electron distribution function in an axisymmetric torus",

@Article{BoDarin,
 author="{Li B and Ernst D R }",
 journal =      PRL,
 year =         2011,
 volume =       106,
 pages =        195002
}
% title="Gyrokinetic {F}okker-{P}lanck Collision Operator",

@Article{CattoErnst,
 author="{Catto P J and Ernst D R }",
 journal =      PPCF,
 year =         2009,
 volume =       51,
 pages =        062001
}
% title="Alternate form of model like particle collision operator",

@Article{Grisha1,
 author="G Kagan G and P J Catto",
 journal =      PPCF,
 year =         2008,
 volume =       50,
 pages =        085010
}
% title="Arbitrary poloidal gyroradius effects in tokamak pedestals and transport barriers",

@Article{GrishaZF,
 author="{Kagan G and Catto P J}",
 journal =      PoP,
 year =         2009,
 volume =       16,
 pages =        056105
}
% title="Zonal flow in a tokamak pedestal",

@Article{GrishaNeo,
 author="G Kagan and P J Catto",
 journal =      PPCF,
 year =         2010,
 volume =       52,
 pages =        055004
}
% title="Neoclassical ion heat flux and poloidal flow in a tokamak pedestal",

@Article{GrishaNeoErratum,
 author="{Kagan G and Catto P J}",
 journal =      PPCF,
 year =         2010,
 volume =       52,
 pages =        079801
}
% title="Corrigendum: {N}eoclassical ion heat flux and poloidal flow in a tokamak pedestal",

@Article{GrishaPRL,
 author="{Kagan G and Catto P J}",
 journal =      PRL,
 year =         2010,
 volume =       105,
 pages =        045002
}
% title="Enhancement of the Bootstrap Current in a Tokamak Pedestal",

@Article{Istvan,
 author="{Pusztai I and Catto P J}",
 journal =      PPCF,
 year =         2010,
 volume =       52,
 pages =        075016
}
% title="Neoclassical plateau regime transport in a tokamak pedestal",

@Article{IstvanErratum,
 author="{Pusztai I and Catto P J}",
 journal =      PPCF,
 year =         2010,
 volume =       52,
 pages =        119801
}
% title="Corrigendum: {N}eoclassical plateau regime transport in a tokamak pedestal",

@Article{SugamaNishimura,
 author="H Sugama and S Nishimura",
 journal =      PoP,
 year =         2002,
 volume =       9,
 pages =        4637
}
% title="How to calculate the neoclassical viscosity, diffusion, and current coefficients in general toroidal plasmas",


@Article{SugamaNishimura2,
 author="H Sugama and S Nishimura",
 journal =      PoP,
 year =         2008,
 volume =       15,
 pages =        042502
}
% title="Moment-equation methods for calculating neoclassical transport coefficients in general toroidal plasmas",


@Article{PerAndreiPRL,
 author="P Helander and A N Simakov",
 journal =      PRL,
 year =         2008,
 volume =       101,
 pages =        145003
}
% title="Intrinsic Ambipolarity and Rotation in Stellarators",


@Article{CSPRL,
 author="{J. R. Cary and S. G. Shasharina}",
 journal =      PRL,
 year =         1997,
 volume =       78,
 pages =        647
}
% title="Helical Plasma Confinement Devices with Good Confinement Properties",


@Article{CSPoP,
 author="{J. R. Cary and S. G. Shasharina}",
 journal =      PoP,
 year =         1997,
 volume =       4,
 pages =        3323
}
% title="Omnigenity and quasihelicity in helical plasma confinement systems",

@Article{Subbotin,
 author="{A. A. Subbotin, M. I. Mikhailov, V. D. Shafranov, M. Yu. Isaev, C. N\"{u}hrenberg, J. N\"{u}hrenberg, R. Zille, V. V. Nemov, S. V. Kasilov, V. N. Kalyuzhnyj, and W. A. Cooper}",
 journal =      NF,
 year =         2006,
 volume =       46,
 pages =        921
}
% title=         "Integrated physics optimization of a quasi-isodynamic stellarator with poloidally closed contours of the magnetic field strength",

@Article{Gori,
 author="{Gori, S., Lotz, W., and N\"{u}hrenberg, J.}",
 journal =      "Theory of Fusion Plasmas (Bologna: Editrice Compositori)",
 year =         1996,
 pages =        335
}


@Article{Mikhailov,
 author="{Mikhailov, M. I., Shafranov, V. D.,  and N\"{u}hrenberg, J.}",
 journal =      "Plasma Phys. Rep.",
 year =         2009,
 volume =       35,
 pages =        529
}


@Article{hn,
 author="{P. Helander, and J. N\"{u}hrenberg}",
 journal =      PPCF,
 year =         2009,
 volume =       51,
 pages =        055004
}
% title="Bootstrap current and neoclassical transport in quasi-isodynamic stellarators",

@Article{HallMcNamara,
 author="{Hall, L. S., and McNamara, B.}",
 journal =      PoF,
 year =         1975,
 volume =       18,
 pages =        552
}
% title="Three-Dimensional Equilibrium of the Anisotropic, Finite-Pressure Guiding-Center Plasma: Theory of the Magnetic Plasma",

@Article{Boozer81,
 author="{A. H. Boozer}",
 journal =      PoF,
 year =         1981,
 volume =       24,
 pages =        1999
}

@Article{Boozer95,
 author="{A. H. Boozer}",
 journal =      PPCF,
 year =         1995,
 volume =       37,
 pages =        "A103"
}
% title="Quasi-Helical Symmetry in Stellarators",

@Article{Boozer98,
 author="{Boozer, A. H.}",
 journal =      PoP,
 year =         1998,
 volume =       5,
 pages =        1647
}
% title="What is a stellarator?",

@Article{Zille,
 author="{J. N\"{u}hrenberg and R. Zille}",
 journal =      "Phys. Lett. A",
 year =         1988,
 volume =       129,
 pages =        113
}
% title="Quasi-helically symmetric toroidal stellarators",

@Article{Boozer80,
 author="{Boozer, A. H.}",
 journal =      PoF,
 year =         1980,
 volume =       23,
 pages =        904
}
% title="Guiding center drift equations",

@Article{Pytte,
 author="{A. Pytte and A. H. Boozer}",
 journal =      PoF,
 year =         1981,
 volume =       24,
 pages =        88
}
% title="Neoclassical transport in helically symmetric plasmas",

@Article{Boozer82,
 author="{Boozer, A. H.}",
 journal =      PoF,
 year =         1982,
 volume =       25,
 pages =        520
}
% title="Establishment of Magnetic Coordinates for a Given Magnetic Field",

@Article{Boozer83,
 author="{A. H. Boozer}",
 journal =      PoF,
 year =         1983,
 volume =       26,
 pages =        496
}
% title="Transport and Isomorphic Equilibria",

@Article{Garren1,
 author="{Garren, D. A., and Boozer, A. H.}",
 journal =      PFB,
 year =         1991,
 volume =       3,
 pages =        2805
}
% title="Magnetic field strength of toroidal plasma equilibria",

@Article{Garren2,
 author="{Garren, D. A., and Boozer, A. H.}",
 journal =      PFB,
 year =         1991,
 volume =       3,
 pages =        2822
}
% title="Existence of Quasihelically Symmetric Stellarators",

% author="{M. C. Zarnstorff, L. A. Berry, A. Brooks, E. Fredrickson, G.-Y. Fu, S. Hirshman, S. Hudson, L.-P. Ku, E. Lazarus, D. Mikkelsen, D. Monticello, G. H. Neilson,
% N. Pomphrey, A. Reiman, D. Spong, D. Strickler, A. Boozer, W. A. Cooper, R. Goldston, R. Hatcher, M. Isaev, C. Kessel, J. Lewandowski, J. F. Lyon, P. Merkel,
% H. Mynick, B. E. Nelson, C. Nhrenberg, M. Redi, W. Reiersen, P. Rutherford, R. Sanchez, J. Schmidt, and R. B. White}",
@Article{NCSX,
 author = "{M. C. Zarnstorff, L. A. Berry, A. Brooks, E. Fredrickson, G.-Y. Fu, S. Hirshman, S. Hudson, L.-P. Ku,
 E. Lazarus, D. Mikkelsen, et al.}",
 journal =      PPCF,
 year =         2001,
 volume =       43,
 pages =        "A237"
}
% title=         "Physics of the compact advanced stellarator {NCSX}",

@Article{HSX,
 author="{F. Anderson, A. Almagri, D. Anderson, P. Matthews, J. Talmadge, and J. Shohet}",
 journal =      "Fusion Tech.",
 year =         1995,
 volume =       27,
 pages =        273
}

@Article{Briesemeister,
 author="A Briesemeister and  K Zhai and D T Anderson and F S B Anderson and J N Talmadge",
 journal =      PPCF,
 year =         2013,
 volume =       55,
 pages =        014002
}

@Book{Lotz,
 author="{Lotz, W., N\"{u}hrenberg, J., and Schwab, C.}",
 publisher="Proc. 13th Int. Conf. on Plasma Physics and Controlled Nuclear Fusion Research (Washington), Paper IAEA-CN-53-C-III-5, IAEA, Vienna",
 year=1991
}

@Article{Grieger,
 author="{Grieger, G., et al.}",
 journal =      PFB,
 year =         1992,
 volume =       4,
 pages =        2081
}
% title="Physics optimization of stellarators",

@Article{CattoHazeltine,
 author="{Catto, P. J., and Hazeltine, R. D.}",
 journal =      PFB,
 year =         1992,
 volume =       4,
 pages =        2081
}
% title="Omnigenous Equilibria",

@Article{Hirsch,
 author="{Hirsch, M., et al.}",
 journal =      PPCF,
 year =         2008,
 volume =       50,
 pages =        053001
}
% title="Major results from the stellarator {W}endelstein 7-{AS}",

@Article{HoKulsrud,
 author="D D-M Ho and R M Kulsrud",
 journal =      PoF,
 year =         1987,
 volume =       30,
 pages =        442
}
% title="Neoclassical transport in stellarators",

@Article{HelanderRotation,
 author="{P. Helander}",
 journal =      PoP,
 year =         2007,
 volume =       14,
 pages =        104501
}
% title="On rapid plasma rotation",

@Article{AndreiPer2011,
 author="A N Simakov and P Helander",
 journal =      PPCF,
 year =         2011,
 volume =       53,
 pages =        024005
}
% title="Plasma rotation in a quasi-symmetric stellarator",

@Article{AndreiPer2009,
 author="A N Simakov and P Helander",
 journal =      PoP,
 year =         2009,
 volume =       16,
 pages =        042503
}
% title="Neoclassical momentum transport in a collisional stellarator and a rippled tokamak",

@Article{Johnson,
 author="{J. L. Johnson, K. Ichiguchi, Y. Nakamura, M. Okamoto, M. Wakatani, and N. Nakajima}",
 journal =      PoP,
 year =         1999,
 volume =       6,
 pages =        2513
}
% title="External kink modes in a Large Helical Device {(LHD)} equilibrium with self-consistent bootstrap current",

@Article{JurgenQI,
 author="{J. N\"{u}hrenberg}",
 journal =      PPCF,
 year =         2010,
 volume =       52,
 pages =        124003
}
% title="Development of quasi-isodynamic stellarators",

@Article{Isaev,
 author="{Isaev, M. Yu., Mikhailov, M. I., and Shafranov, V. D.}",
 journal =      "Plasma Phys. Rep.",
 year =         1994,
 volume =       20,
 pages =        319
}
% title="Quasi-symmetric toroidal magnetic systems",


@Article{meQS,
 author="{M. Landreman and P. J. Catto}",
 journal =      PPCF,
 year =         2011,
 volume =       53,
 pages =        015004
}
% title="Effects of the radial electric field in a quasisymmetric stellarator",


@Article{meQI,
 author="{M. Landreman, and P. J. Catto}",
 journal =      PPCF,
 year =         2011,
 volume =       53,
 pages =        035016
}
% title="Neoclassical flow, current, and electric field in a quasi-isodynamic stellarator",

@Article{meMonoenergetic,
 author="{M Landreman}",
 journal =      PPCF,
 year =         2011,
 volume =       53,
 pages =        082003
}
% title="The monoenergetic approximation in stellarator neoclassical calculations",

@Article{Lore,
 author="J Lore and W Guttenfelder and A Briesemeister and D T Anderson and F S B Anderson and C B Deng and K M Likin and D A Spong and J N Talmadge and K Zhai",
 journal =      PoP,
 year =         2010,
 volume =       17,
 pages =        056101
}
% title="Internal electron transport barrier due to neoclassical ambipolarity in the {H}elically {S}ymmetric {E}xperiment",

@Article{Canik,
 author="{Canik, J. M. et al}",
 journal =      PRL,
 year =         2007,
 volume =       98,
 pages =        085002
}
% title="Experimental Demonstration of Improved Neoclassical Transport with Quasihelical Symmetry",

@Article{Gerhardt,
 author="{Gerhardt, S. P., Talmadge, J. N., Canik, J. M., and Anderson, D. T.}",
 journal =      PoP,
 year =         2005,
 volume =       12,
 pages =        056116
}
% title="Measurements and modeling of plasma flow damping in the {H}elically {S}ymmetric e{X}periment",


@Article{MynickReview,
 author="{H. E. Mynick}",
 journal =      PoP,
 year =         2006,
 volume =       13,
 pages =        058102
}
% title="Transport optimization in stellarators",



@Article{Garabedian1,
 author="{Garabedian, P. R.}",
 journal =      PoP,
 year =         1996,
 volume =       3,
 pages =        2483
}
% title="Stellarators with the magnetic symmetry of a tokamak",



@Article{Garabedian2,
 author="{Garabedian, P. R.}",
 journal =      PoP,
 year =         1997,
 volume =       4,
 pages =        1617
}
% title="Recent progress in the design of stellarator experiments",

@Article{Wobig,
 author="{Wobig, H.}",
 journal =      PPCF,
 year =         1999,
 volume =       41,
 pages =        "A159"
}
% title="Theory of advanced stellarators",


@Article{DKES1,
 author="S P Hirshman and K C Shaing and W I van Rij and C O {Beasley Jr.} and E C {Crume Jr.}",
 journal =      PoF,
 year =         1986,
 volume =       29,
 pages =        2951
}
% title="Plasma transport coefficients for nonsymmetric toroidal confinement systems",


@Article{DKES2,
 author="W I van Rij and S P Hirshman",
 journal =      PFB,
 year =         1989,
 volume =       3,
 pages =        563
}
% title="Variational bounds for transport coefficients in three-dimensional toroidal plasmas",


@Article{PENTA,
 author="D A Spong",
 journal =      PoP,
 year =         2005,
 volume =       12,
 pages =        056114
}
% title="Generation and damping of neoclassical plasma flows in stellarators",

@Article{QPS,
 author="{Spong, D. A., Hirshman, S. P., Berry, L. A., Lyon, J. F., Fowler, R. H., Strickler, D. J., Cole, M. J., Nelson, B., N., Williamson, D. E., Ware, A. S., Alban, D., Sanchez, R., Fu, G. Y., Monticello, D. A., Miner, W. H., and Valanju, P. M.}",
 journal =      NF,
 year =         2001,
 volume =       41,
 pages =        711
}
% title="Physics issues of compact drift optimized stellarators",

@Article{Maassberg,
 author="H Maassberg and C D Beidler and Y Turkin",
 journal =      PoP,
 year =         2009,
 volume =       16,
 pages =        072504
}
% title="Momentum correction techniques for neoclassical transport in stellarators",

@Article{Beidler,
 author="C D Beidler and M Yu Isaev and  S V Kasilov and  W Kernbichler and H Maassberg and S Murakami and V V Nemov and D A Spong V Tribaldos",
 journal =      "Proceedings of the 17th {I}nternational {T}oki {C}onference and 16th {I}nternational {S}tellarator/{H}eliotron {W}orkshop, {T}oki",
 year =         2007
}
% title="{ICNTS} - Impact of Incompressible {$\vect{E}\times\vect{B}$} Flow in Estimating Mono-Energetic Transport Coefficients",


@Article{Talmadge,
 author="{Talmadge, J. N., et al.}",
 journal =      "Plasma Fusion Res.",
 year =         2008,
 volume =       3,
 pages =        "S1002"
}
% title="Experimental tests of quasisymmetry in {HSX}",

@Article{TalmadgeGerhardt,
 author="{Talmadge, J. N., and Garhardt, S. P.}",
 journal =      PoP,
 year =         2005,
 volume =       12,
 pages =        072513
}
% title="Numerical calculation of the {H}amada basis vectors for three-dimensional toroidal magnetic configurations",


@Article{BeidlerW7X,
 author="{Beidler, C., et al.}",
 journal =      "Fusion Tech.",
 year =         1990,
 volume =       17,
 pages =        148
}
% title="Physics and engineering design for {W}endelstein {VII-X}",

@Article{HintonHazeltine,
 author="{Hinton F L and Hazeltine R D}",
 journal =      "Rev. Mod. Phys.",
 year =         1976,
 volume =       48,
 pages =        239
}
% title="Theory of plasma transport in toroidal confinement systems",

@Article{HintonWong,
 author="{Hinton, F. L., and Wong, S. K.}",
 journal =      PoF,
 year =         1985,
 volume =       28,
 pages =        3082
}
% title="Neoclassical ion transport in rotating axisymmetric plasmas",

@Article{CattoBernsteinTessarotto,
 author="{Catto P J, Bernstein I B and Tessarotto M}",
 journal =      PoF,
 year =         1987,
 volume =       30,
 pages =        2784
}
% title="Ion transport in toroidally rotating tokamak plasmas",

@Article{HazeltineHinton,
 author="{Hazeltine R D and Hinton F L}",
 journal =      PoP,
 year =         2005,
 volume =       12,
 pages =        102506
}
% title="Kinetic theory of flowing, magnetized plasma",

@Article{Brizard,
 author="{Brizard, A. J.}",
 journal =      PoP,
 year =         1995,
 volume =       2,
 pages =        459
}
% title="Nonlinear gyrokinetic {V}lasov equation for toroidally rotating axisymmetric tokamaks",

@Article{CaryBrizard,
 author="{Cary, J. R., and Brizard, A. J.}",
 journal =      RMP,
 year =         2009,
 volume =       81,
 pages =        693
}
% title="Hamiltonian theory of guiding-center motion",

@Article{Ramos,
 author="{Ramos, J. J.}",
 journal =      PoP,
 year =         2008,
 volume =       15,
 pages =        082106
}
% title="Finite-{L}armor-radius kinetic theory of a magnetized plasma in the macroscopic flow reference frame",

@Article{Taguchi,
 author="M Taguchi",
 journal =      PPCF,
 year =         1988,
 volume =       30,
 pages =        1897
}
% title="Ion thermal conductivity and ion distribution function in the banana regime",

@Article{Taguchi2,
 author="M Taguchi",
 journal =      PFB,
 year =         1992,
 volume =       4,
 pages =        3638
}
% title="A method for calculating neoclassical transport coefficients with momentum conserving collision operator",

@Article{RHH,
 author="{Rosenbluth M N, Hazeltine R D and Hinton F L}",
 journal =      PoF,
 year =         1972,
 volume =       15,
 pages =        116
}
% title="Plasma transport in toroidal confinement systems",

@Article{HR,
 author="{Hinton F L and Rosenbluth M N}",
 journal =      PoF,
 year =         1973,
 volume =       16,
 pages =        836
}
% title="Transport properties of a toroidal plasma at low to intermediate collision frequencies",


@Article{YokoyamaCERC,
 author="{Yokoyama, M., Maassberg, H., Beidler, C. D., Tribaldos, V., Ida, K., Estrada, T., Castejon, F., Fujisawa, A., Minami, T., Shimozuma, T., Takeiri, Y., Dinklage, A., Murakami, S., and Yamada, H.}",
 journal =      NF,
 year =         2007,
 volume =       47,
 pages =        1213
}
% title="Core electron-root confinement ({CERC}) in helical plasmas",


@Article{Wagner,
 author="{Wagner, F., Hirsch, M., Hartfuss, H.-J., Laqua, H. P., and Maassberg, H.}",
 journal =      PPCF,
 year =         2006,
 volume =       48,
 pages =        "A217"
}
% title="H-mode and transport barriers in helical systems",


@Article{Akiyama,
 author="{Akiyama, T., Hirsch, M., Estrada, T., Hidalgo, C., and Mizuuchi, T.}",
 journal =      CPP,
 year =         2010,
 volume =       50,
 pages =        590
}
% title="Status of a Stellarator/Heliotron {H}-mode Database",

@Article{BoozerRMP,
 author="{Boozer, A.}",
 journal =      RMP,
 year =         2004,
 volume =       76,
 pages =        1071
}
% title="Physics of magnetically confined plasmas",


@Book{Bateman,
 author="{Bateman, G.}",
 title="MHD Instabilities",
 year =         1978,
 publisher =        "MIT Press",
 address="Cambridge, Mass."
}


@Article{Tribaldos2001,
 author="V Tribaldos",
 journal =      PoP,
 year =         2001,
 volume =       8,
 pages =        1229
}
% title="Monte Carlo estimation of neoclassical transport for the TJ-II stellarator",

@Article{Tribaldos,
 author="{Tribaldos, V., and Guasp, J.}",
 journal =      PPCF,
 year =         2005,
 volume =       47,
 pages =        545
}
% title="Neoclassical global flux simulations in stellarators",


@Article{Hazeltine,
 author="R D Hazeltine",
 journal =      "Plasma Phys.",
 year =         1973,
 volume =       15,
 pages =        77
}
% title="Recursive derivation of drift-kinetic equation",

@INPROCEEDINGS{tamm,
  AUTHOR =       {Tamm, I. E.},
  YEAR =         {1961},
  editor =       {M. A. Leontovich},
  volume =       {1},
  series =       {Plasma Physics and the problem of controlled thermonuclear reactions},
  pages =        {35},
  address =      {New York},
  publisher =    {Pergamon},
}


@Article{diamond,
 author="{Diamond, P. H., Itoh, S.-I., Itoh, K., and Hahm, T. S.}",
 journal =      PPCF,
 year =         2005,
 volume =       47,
 pages =        R35
}
% title="Zonal flows in plasma - a review",


@Article{rwm,
 author="{Fitzpatrick, R., and Aydemir, A. Y.}",
 journal =      NF,
 year =         1996,
 volume =       36,
 pages =        11
}
% title="Stabilization of the resistive shell mode in tokamaks",

@Article{sugama11,
 author="{H. Sugama, T. H. Watanabe, M. Nunami, and S. Nishimura}",
 journal =      PPCF,
 year =         2011,
 volume =       53,
 pages =        024004
}

@Article{SugamaHighFlow,
 author="H Sugama and T H Watanabe and M Nunami and S Nishimura",
 journal =      PPCF,
 year =         2011,
 volume =       53,
 pages =        024004
}

@Article{ISS04,
 author = "{H. Yamada, J.H. Harris, A. Dinklage, E. Ascasibar, F. Sano,
S. Okamura, J. Talmadge, U. Stroth, A. Kus, S. Murakami,
M.Yokoyama, C.D. Beidler, V. Tribaldos, K.Y. Watanabe
and Y. Suzuki}",
 journal = NF,
 year = 2005,
 volume = 45,
 pages = 1684
}

@Article{BoozerBootstrap,
 author="{A. H. Boozer and H. J. Gardner}",
 journal =      PFB,
 year =         1990,
 volume =       2,
 pages =        2408
}

@Article{ShaingCallen,
 author="{K. C. Shaing and J. D. Callen}",
 journal =      PoF,
 year =         1983,
 volume =       26,
 pages =        3315
}

@Article{ShaingRipple,
 author = "K. C. Shaing",
 journal = PoP,
 year = 2003,
 volume = 10,
 pages = 1443
 }

@Article{BeidlerBigBenchmarking,
 author="C. D. Beidler and K. Allmaier and M. Yu. Isaev and S. V. Kasilov and W. Kernbichler and G. O. Leitold and H. Maassberg and D. R. Mikkelsen and S. Murakami and M. Schmidt and D. A. Spong and V. Tribaldos and A. Wakasa",
 journal = NF,
 year=2011,
 volume=51,
 pages=076001
 }

@Article{ConnorHastie,
 author="{J. W. Connor and R. J. Hastie}",
 journal = NF,
 year = 1973,
 volume = 13,
 pages = 221
 }

@Article{MynickChuBoozer,
 author="{H. E. Mynick, T. K. Chu, and A. H. Boozer}",
 journal=PRL,
 year=1982,
 volume=48,
 pages=322
 }


@Article{Asakura,
 author="{N. Asakura, K. Shimizu, H. Shirai, Y. Koide and T. Takizuka}",
 journal=PPCF,
 year=1997,
 volume=39,
 pages=1295
 note = "Fig. 5c."
 }


@Article{GroebnerOsborne,
 author="{R. J. Groebner and T. H. Osborne}",
 journal=PoP,
 year=1998,
 volume=5,
 pages=1800,
 note = "Fig. 2."
 }


@Article{Maggi,
 author="{C.F. Maggi, R.J. Groebner, N. Oyama, R. Sartori, L.D. Horton, A.C.C. Sips,W. Suttrop and the ASDEX Upgrade Team, A. Leonard, T.C. Luce, M.R.Wade and the DIII-D Team, et al}",
 journal=NF,
 year=2007,
 volume=47,
 pages=535
 note = "Fig. 9."
 }
% author="{C.F. Maggi, R.J. Groebner, N. Oyama, R. Sartori, L.D. Horton, A.C.C. Sips,W. Suttrop and the ASDEX Upgrade Team,
% A. Leonard, T.C. Luce, M.R.Wade and the DIII-D Team, Y. Kamada, H. Urano and the JT-60U Team, Y. Andrew, C. Giroud, E. Joffrin, E. de la Luna and EFDA-JET Contributorsa for the Pedestal and Edge Physics and the Steady State Operation Topical Groups of the ITPA}",


@Article{Corre,
 author="{Y Corre, E Joffrin, P Monier-Garbet, Y Andrew, G Arnoux, M Beurskens, S Brezinsek, M Brix, R Buttery, I Coffey, et al}",
 journal=PPCF,
 year=2008,
 volume=50,
 pages=115012
 note = "Figs. 6, 8-9."
 }
% author="{Y Corre, E Joffrin, P Monier-Garbet, Y Andrew, G Arnoux, M Beurskens, S Brezinsek, M Brix, R Buttery, I Coffey, K Crombe, E de La Luna,
%R Felton, C Giroud, S Hacquin, J Hobirk, A Huber, F Imbeaux, S Jachmich, M Kempenaars, X Litaudon, H Leggate, T Loarer, G Maddison, E Rachlew, J Rapp, O Sauter, A Savchkov, G Telesca, A Widdowson, K D Zastrow, O Zimmermann and JET-EFDA collaborators}",

@Article{Sontag,
 author="{A.C. Sontag, J.M. Canik, R. Maingi, J. Manickam, P.B. Snyder, R.E. Bell, S.P. Gerhardt, S. Kubota, B.P. LeBlanc, D. Mueller, T.H. Osborne and K.L. Tritz}",
 journal=NF,
 year=2011,
 volume=51,
 pages=103022
 note = "Fig. 5."
 }

@Article{SauterProfiles,
 author="{P. Sauter, T. Putterich, F. Ryter, E. Viezzer, E. Wolfrum, G.D. Conway, R. Fischer, B. Kurzan, R.M. McDermott, S.K. Rathgeber and the ASDEX Upgrade Team}",
 journal=NF,
 year=2012,
 volume=52,
 pages=012001
 note = "Fig. 2."
 }

@Article{Maingi,
 author="{R. Maingi, D.P. Boyle, J.M. Canik, S.M. Kaye, C.H. Skinner, J.P. Allain, M.G. Bell, R.E. Bell, S.P. Gerhardt, T.K. Gray, et al}",
 journal=NF,
 year=2012,
 volume=52,
 pages=083001
 note = "Fig. 2a-2e."
 }
% author="{R. Maingi, D.P. Boyle, J.M. Canik, S.M. Kaye, C.H. Skinner, J.P. Allain, M.G. Bell, R.E. Bell, S.P. Gerhardt, T.K. Gray, M.A. Jaworski, R. Kaita, H.W. Kugel,
% B.P. LeBlanc, J. Manickam, D.K. Mansfield, J.E. Menard, T.H. Osborne, R. Raman, A.L. Roquemore, S.A. Sabbagh, P.B. Snyder and V.A. Soukhanovskii}",


@Article{Rachel,
 author="{R. M. McDermott, B. Lipschultz, J. W. Hughes, P. J. Catto, A. E. Hubbard, I. H. Hutchinson, R. S. Granetz, M. Greenwald, B. LaBombard, K. Marr, et al}",
 journal=PoP,
 year=2009,
 volume=16,
 pages=056103
 }

@Article{Putterich,
 author="{T. P\"utterich, E. Viezzer, R. Dux, R. M. McDermott, and the ASDEX Upgrade team}",
 journal=NF,
 volume=52,
 pages=083013,
 year=2012
 }

@Article{Groebner,
 author="{R. J. Groebner, T. H. Osborne, A. W. Leonard, and M. E. Fenstermacher1}",
 journal=NF,
 volume=49,
 pages=045013,
 year=2009
 }

@Article{Diallo,
 author="{A. Diallo, R. Maingi, S. Kubota, A. Sontag, T. Osborne, M. Podesta, R. E. Bell, B. P. LeBlanc, J. Menard, and S. Sabbagh}",
 journal=NF,
 volume=51,
 pages=103031,
 year=2011
 }


@INPROCEEDINGS{Morgan,
 author="{T. W. Morgan, H. Meyer, D. Temple, and G. J. Tallents}",
 BOOKTITLE="37th EPS Conf. Plasma Phys.",
 address="Dublin",
 pages={P5.122},
 year=2010
 }

@Article{Meyer,
 author="{H. Meyer, M. F. M. De Bock, N. J. Conway, S. J. Freethy, K. Gibson, J. Hiratsuka, A. Kirk, C. A. Michael, T. Morgan, R. Scannell, et al}",
 journal=NF,
 volume=51,
 pages=113011,
 year=2011
 }


@Article{Evans,
 author="{T. E. Evans, M. E. Fenstermacher, R. A. Moyer, T. H. Osborne, J. G. Watkins, P. Gohil, I. Joseph, M. J. Schaffer, L. R. Baylor, M. B\'ecoulet, et al}",
 journal=NF,
 volume=48,
 pages=024002,
 year=2008
 }
@Article{usPedestal,
 author="M Landreman and D R Ernst",
 journal=PPCF,
 title="Local and global {Fokker-Planck} neoclassical calculations showing flow and bootstrap current modification in a pedestal",
 volume="54",
 pages="115006",
 year=2012
 }

@Article{speedGrids,
 author="M Landreman and D R Ernst",
 journal=JCP,
 title="New velocity-space discretization for continuum kinetic calculations and Fokker-Planck collisions",
 volume = 243,
 pages="130-150",
 year=2013
 }

@Article{PERFECT,
 author="M Landreman and F I Parra and P J Catto and D R Ernst and I Pusztai",
 journal="arXiv:1312.2148",
 year=2013
 }
% title="",

@book{Trefethen,
 author="L N Trefethen",
 title="Spectral methods in Matlab",
 publisher="SIAM",
 address="Philadelphia",
 year=2000
}

@Article{Miller,
 author="R L Miller and M S Chu and J M Greene and Y R Lin-Liu and R E Waltz",
 journal = PoP,
 volume = 5,
 pages = "973-978",
 year=1998
}
% title = "Noncircular, finite aspect ratio, local equilibrium model",

@Article{PerPotato,
 author="P Helander",
 journal = PoP,
 volume = 7,
 pages = 2878,
 year=2000
}

@Article{Felix2010,
 author="F I Parra and P J Catto",
 journal = PPCF,
 volume = 52,
 pages = 045004,
 year=2010
}


@Article{Dorf,
 author="M A Dorf and R H Cohen and M Dorr and T Rognlien and J Hittinger and J Compton and P Colella and D Martin and P McCorquodale",
 journal = PoP,
 volume = 20,
 pages = 012513,
 year=2013
}
% title = "Simulation of neoclassical transport with the continuum gyrokinetic code {COGENT}",

@Article{DorfEr,
 author="M Dorf and R H Cohen and A N Simakov and I Joseph",
 journal =      PoP,
 year =         2013,
 volume =       20,
 pages =        082515
}
% title="On the applicability of the standard approaches for evaluating a neoclassical radial electric field in a tokamak edge region",


@Article{Peter,
 author="P J Catto and Felix I Parra and Grigory Kagan and Jeffrey B Parker and Istvan Pusztai and Matt Landreman",
 journal = PPCF,
 volume=55,
 pages=045009,
 year=2013
}
% title = "",

@Article{finiteErOmnigenous,
 author="M Landreman and P J Catto",
 journal = PPCF,
 volume=55,
 pages=095017,
 year=2013
}
% title = "Conservation of energy and magnetic moment in neoclassical calculations for optimized stellarators",


@Article{XGCBootstrap,
 author="S Koh and C S Chang and S Ku and J E Menard and H Weitzner and W Choe",
 journal = PoP,
 volume=19,
 pages="072505",
 year=2012
}
% title = "",

@Article{FORTEC_PFR,
 author="S Satake and R Kanno and H Sugama",
 journal = "Plasma Fusion Res.",
 volume=3,
 pages="S1062",
 year=2008
}
% title = "",

@Article{FORTEC_CPC,
 author="S Satake and Y Idomura and H Sugama and T-H Watanabe",
 journal = CPC,
 volume=181,
 pages=1069,
 year=2010
}
% title = "",

@Article{GSRAKE,
 author="C D Beidler and W D D'haeseleer",
 journal = PPCF,
 volume=37,
 pages=463,
 year=1995
}
% title = "",

@Article{Baldzuhn,
 author="J Baldzuhn and M Kick and H Maassberg and {the W7-AS Team}",
 journal = PPCF,
 volume=40,
 pages=967,
 year=1998
}
% title = "",

@Article{GYROSources,
 author="R E Waltz and J M Candy and M N Rosenbluth",
 journal = PoP,
 volume=9,
 pages=1938,
 year=2002
}
% title = "",

@Article{BICGstabl,
 author="Gerard L. G. Sleijpen and Diederik R. Fokkema",
 journal="{Electr. Trans. Num. Anal.}",
 title="BICGstab(L) for linear equations involving unsymmetric matrices with complex spectrum",
 volume=1,
 pages="11-32",
 year=1993
 }

@Article{GMRES,
 author="Youcef Saad and Martin H Schultz",
 journal="{SIAM J. Sci. and Stat. Comput.}",
 volume=7,
 pages="856-869",
 year=1986
 }

 @article{MUMPS:1,
   author  = "P. R. Amestoy and I. S. Duff and J. Koster and J.-Y. L'Excellent",
   title   = {A Fully Asynchronous Multifrontal Solver Using Distributed Dynamic Scheduling},
   journal = {SIAM Journal on Matrix Analysis and Applications},
   volume  = {23},
   number  = {1},
   year    = {2001},
   pages   = {15-41}
 }


@article{MUMPS:2,
   author  = {P. R. Amestoy and A. Guermouche and J.-Y. L'Excellent and S. Pralet},
   title   = {Hybrid scheduling for the parallel solution of linear systems},
   journal = {Parallel Computing},
   volume  = {32},
   number  = {2},
   year    = {2006},
   pages   = {136-156}
}

   @Misc{petsc-web-page,
            Author = "Satish Balay and Jed Brown and Kris Buschelman and William D. Gropp and Dinesh Kaushik and Matthew G. Knepley and Lois Curfman McInnes and Barry F. Smith and Hong Zhang",
            Title = "{PETSc} {W}eb page",
            Note = "{http://www.mcs.anl.gov/petsc}",
            Year = "Accessed October 6, 2012"
          }

          @TechReport{petsc-user-ref,
            Author = "Satish Balay and Jed Brown and and Kris Buschelman and Victor Eijkhout and William D.  Gropp and Dinesh Kaushik and Matthew G. Knepley and Lois Curfman McInnes and Barry F. Smith and Hong Zhang",
            Title = "{PETS}c Users Manual",
            Number = "ANL-95/11 - Revision 3.3",
            Institution = "Argonne National Laboratory",
            Year = "2012"
          }

          @InProceedings{petsc-efficient,
            Author = "Satish Balay and William D. Gropp and Lois Curfman McInnes and Barry F.  Smith",
            Title = "Efficient Management of Parallelism in Object Oriented Numerical Software Libraries",
            Booktitle = "Modern Software Tools in Scientific Computing",
            Editor = "E. Arge and A. M. Bruaset and H. P. Langtangen",
            Pages = "163--202",
            Publisher = "Birkh{\"{a}}user Press",
            Year = "1997"
          }

@article{superlu2,
     author = {Xiaoye S. Li and James W. Demmel},
     title = {{SuperLU_DIST}: A Scalable Distributed-Memory Sparse Direct
              Solver for Unsymmetric Linear Systems},
     journal = {ACM Trans. Mathematical Software},
     month = {June},
     volume = {29},
     number = {2},
     pages = {110-140},
     year = 2003
}

@techreport{superlu1,
     AUTHOR = {X.S. Li and J.W. Demmel and J.R. Gilbert and L. Grigori and M. Shao and
          I. Yamazaki},
     INSTITUTION = {Lawrence Berkeley National Laboratory},
     NUMBER = {LBNL-44289},
     TITLE = {{SuperLU Users' Guide}},
     MONTH = {September},
     YEAR = {1999},
     NOTE = "\url{http://crd.lbl.gov/~xiaoye/SuperLU/}.
             Last update: August 2011"
}
